<record><leader>00000cas a22000007a 4500</leader><controlfield tag="001">13554492</controlfield><controlfield tag="008">860512c18939999sduwr ne      0    0eng  </controlfield><controlfield tag="009">466</controlfield><datafield ind1=" " ind2=" " tag="010"><subfield code="a">sn 86071476 </subfield></datafield><datafield ind1=" " ind2=" " tag="040"><subfield code="a">DLC</subfield><subfield code="b">eng</subfield><subfield code="c">DLC</subfield><subfield code="d">SXN</subfield><subfield code="d">OCLCQ</subfield><subfield code="d">OCLCO</subfield><subfield code="d">OCLCF</subfield></datafield><datafield ind1="1" ind2=" " tag="029"><subfield code="a">AU@</subfield><subfield code="b">000020236388</subfield></datafield><datafield ind1=" " ind2=" " tag="042"><subfield code="a">msc</subfield></datafield><datafield ind1=" " ind2=" " tag="043"><subfield code="a">n-us-sd</subfield></datafield><datafield ind1="0" ind2="0" tag="050"><subfield code="a">Newspaper 9779</subfield></datafield><datafield ind1="0" ind2="0" tag="245"><subfield code="a">Salem special.</subfield></datafield><datafield ind1="3" ind2="0" tag="246"><subfield code="a">Salem special Saturday edition</subfield></datafield><datafield ind1="3" ind2="0" tag="246"><subfield code="a">Salem Saturday edition special</subfield></datafield><datafield ind1="3" ind2="0" tag="246"><subfield code="a">Saturday edition Salem special</subfield></datafield><datafield ind1=" " ind2=" " tag="260"><subfield code="a">Salem, McCook County, S.D. :</subfield><subfield code="b">J.E. Patten,</subfield><subfield code="c">1893-</subfield></datafield><datafield ind1=" " ind2=" " tag="300"><subfield code="a">v.</subfield></datafield><datafield ind1=" " ind2=" " tag="310"><subfield code="a">Weekly</subfield></datafield><datafield ind1="0" ind2=" " tag="362"><subfield code="a">Vol. 9, no. 53 (July 15, 1893)-</subfield></datafield><datafield ind1=" " ind2=" " tag="500"><subfield code="a">"Saturday edition" is printed in small type between and slightly above "Salem" and "special" on issues published July 15, 1893-Nov. 10, 1894.</subfield></datafield><datafield ind1=" " ind2=" " tag="530"><subfield code="a">Available on microfilm from: State Archives, South Dakota State Historical Society.</subfield></datafield><datafield ind1=" " ind2="0" tag="651"><subfield code="a">Salem (S.D.)</subfield><subfield code="v">Newspapers.</subfield></datafield><datafield ind1=" " ind2="0" tag="651"><subfield code="a">McCook County (S.D.)</subfield><subfield code="v">Newspapers.</subfield></datafield><datafield ind1=" " ind2="7" tag="655"><subfield code="a">Newspapers.</subfield><subfield code="2">fast</subfield><subfield code="0">(OCoLC)fst01423814</subfield></datafield><datafield ind1=" " ind2="7" tag="651"><subfield code="a">South Dakota</subfield><subfield code="z">McCook County.</subfield><subfield code="2">fast</subfield><subfield code="0">(OCoLC)fst01209101</subfield></datafield><datafield ind1=" " ind2="7" tag="651"><subfield code="a">South Dakota</subfield><subfield code="z">Salem.</subfield><subfield code="2">fast</subfield><subfield code="0">(OCoLC)fst01887894</subfield></datafield><datafield ind1=" " ind2=" " tag="752"><subfield code="a">United States</subfield><subfield code="b">South Dakota</subfield><subfield code="c">McCook</subfield><subfield code="d">Salem.</subfield></datafield><datafield ind1="0" ind2="0" tag="780"><subfield code="t">Semi-weekly Salem special</subfield><subfield code="w">(DLC)sn 99067969</subfield></datafield><datafield ind1="0" ind2="5" tag="780"><subfield code="t">Pioneer register (Salem, S.D.)</subfield><subfield code="w">(DLC)sn 99068021</subfield></datafield></record>